% \bibitem{adams} ADAMS, F.; LAUDGHLINI, G. \textbf{Uma biografia do universo:} do big-bang à desintegração final. Rio de Janeiro: Zahar, 2001.

@INPROCEEDINGS{BoostedCascade,
  author={Viola, P. and Jones, M.},
  booktitle={Proceedings of the 2001 IEEE Computer Society Conference on Computer Vision and Pattern Recognition. CVPR 2001}, 
  title={Rapid object detection using a boosted cascade of simple features}, 
  year={2001},
  volume={1},
  doi={10.1109/CVPR.2001.990517}
}

@misc{HaarAplicacao,
  title = {{OpenCV}},  
  howpublished = {\url{https://github.com/opencv/opencv/tree/master/data}},
  note = {Acessado em: 24-05-2024}
}

@ARTICLE{Canny,
  author={Canny, John},
  journal={IEEE Transactions on Pattern Analysis and Machine Intelligence}, 
  title={A Computational Approach to Edge Detection}, 
  year={1986},
  volume={PAMI-8},
  number={6},
  pages={679-698},
  doi={10.1109/TPAMI.1986.4767851}}


@electronic{CannyAplicacao,
author = {{OpenCV}},
title = {Canny Edge Detection},
url = {https://docs.opencv.org/3.4/da/d22/tutorial_py_canny.html}
}

@ARTICLE{Scipy,
  author  = {Virtanen, Pauli and Gommers, Ralf and Oliphant, Travis E. and
            Haberland, Matt and Reddy, Tyler and Cournapeau, David and
            Burovski, Evgeni and Peterson, Pearu and Weckesser, Warren and
            Bright, Jonathan and {van der Walt}, St{\'e}fan J. and
            Brett, Matthew and Wilson, Joshua and Millman, K. Jarrod and
            Mayorov, Nikolay and Nelson, Andrew R. J. and Jones, Eric and
            Kern, Robert and Larson, Eric and Carey, C J and
            Polat, {\.I}lhan and Feng, Yu and Moore, Eric W. and
            {VanderPlas}, Jake and Laxalde, Denis and Perktold, Josef and
            Cimrman, Robert and Henriksen, Ian and Quintero, E. A. and
            Harris, Charles R. and Archibald, Anne M. and
            Ribeiro, Ant{\^o}nio H. and Pedregosa, Fabian and
            {van Mulbregt}, Paul and {SciPy 1.0 Contributors}},
  title   = {{{SciPy} 1.0: Fundamental Algorithms for Scientific
            Computing in Python}},
  journal = {Nature Methods},
  year    = {2020},
  volume  = {17},
  pages   = {261--272},
  adsurl  = {https://rdcu.be/b08Wh},
  doi     = {10.1038/s41592-019-0686-2},
}


@incollection{CatmullRom,
title = {A CLASS OF LOCAL INTERPOLATING SPLINES},
editor = {ROBERT E. BARNHILL and RICHARD F. RIESENFELD},
booktitle = {Computer Aided Geometric Design},
publisher = {Academic Press},
pages = {317-326},
year = {1974},
isbn = {978-0-12-079050-0},
url = {https://doi.org/10.1016/B978-0-12-079050-0.50020-5},
author = {Edwin Catmull and Raphael Rom}
}

@misc{CatRomDemonstration,
author = {Christopher Twigg},
title = {Catmull-Rom splines},
year = {2003},
address = {Pittsburg},
publisher = {CMU school of computer science},
url={http://graphics.cs.cmu.edu/nsp/course/15-462/Fall04/assts/catmullRom.pdf}
}

@inproceedings{RepresentationSplines,
  author = {Maggini, Marco and Melacci, Stefano and Sarti, Lorenzo},
  year = {2007},
  month = {08},
  pages = {408-415},
  title = {Representation of Facial Features by Catmull-Rom Splines},
  isbn = {978-3-540-74271-5},
  doi = {10.1007/978-3-540-74272-2_51}
}

@misc{getty_image_name,
  author = {Photographer's Name},
  title = {Title of Image},
  year = {Year of Creation},
  url = {URL of Getty Image},
  note = {From Getty Images}
}

% @INPROCEEDINGS{Serengil,
%   author={Serengil, Sefik Ilkin and Ozpinar, Alper},
%   booktitle={2020 Innovations in Intelligent Systems and Applications Conference (ASYU)}, 
%   title={LightFace: A Hybrid Deep Face Recognition Framework}, 
%   year={2020},
%   volume={},
%   number={},
%   pages={1-5},
%   keywords={Face recognition;Pipelines;Measurement;Data models;Euclidean distance;Task analysis;Social networking (online);deep learning;machine learning;face recognition;computer vision;software framework},
%   doi={10.1109/ASYU50717.2020.9259802}}

%   @INPROCEEDINGS{Taigman,
%   author={Taigman, Yaniv and Yang, Ming and Ranzato, Marc'Aurelio and Wolf, Lior},
%   booktitle={2014 IEEE Conference on Computer Vision and Pattern Recognition}, 
%   title={DeepFace: Closing the Gap to Human-Level Performance in Face Verification}, 
%   year={2014},
%   volume={},
%   number={},
%   pages={1701-1708},
%   keywords={Face;Three-dimensional displays;Training;Face recognition;Agriculture;Solid modeling;Shape},
%   doi={10.1109/CVPR.2014.220}}

@INPROCEEDINGS{DTW_LSTM,
  author={Levada, Alexandre L. M. and Correa, Debora C. and Salvadeo, Denis H. P. and Saito, Jose H. and Mascarenhas, Nelson D. A.},
  booktitle={2008 15th International Conference on Systems, Signals and Image Processing}, 
  title={Novel approaches for face recognition: Template-matching using Dynamic Time Warping and LSTM neural network supervised classification}, 
  year={2008},
  volume={},
  number={},
  pages={241-244},
  keywords={Face;Face recognition;Databases;Noise;Artificial neural networks;Classification algorithms;Training;Face Recognition;Dynamic Time Warping;LSTM Neural Network;Learning Algorithm;PCA},
  doi={10.1109/IWSSIP.2008.4604412}
}

@misc{tavenard.blog.dtw,
  author="Romain Tavenard",
  title="An introduction to Dynamic Time Warping",
  year=2021,
  howpublished="\url{https://rtavenar.github.io/blog/dtw.html}"
}

@ARTICLE{SAKOE,
  author={Sakoe, H. and Chiba, S.},
  journal={IEEE Transactions on Acoustics, Speech, and Signal Processing}, 
  title={Dynamic programming algorithm optimization for spoken word recognition}, 
  year={1978},
  volume={26},
  number={1},
  pages={43-49},
  keywords={Dynamic programming;Heuristic algorithms;Fluctuations;Timing;Signal processing algorithms;Speech processing;Pattern matching;Constraint optimization;Feature extraction;Acoustics},
  doi={10.1109/TASSP.1978.1163055}}
 
% @online{WinNT,
%   author = {MultiMedia LLC},
%   title = {{MS Windows NT} Kernel Description},
%   year = 1999,
%   url = {http://web.archive.org/web/20080207010024/http://www.808multimedia.com/winnt/kernel.htm},
%   urldate = {2010-09-30}
% }




% @electronic{HaarAplicacao,
% author = {{OpenCV}},
% title = {haarcascades},
% url = {https://github.com/opencv/opencv/tree/master/data}
% }

% \begin{thebibliography}{99}
% \bibitem{este livro} SOBRENOME, Nome. \textbf{Título:} subtítulo. Local: Editora, Ano.

% @book{este_livro,
%     author = {Nome Sobrenome and Nome {DEL-VECCHIA}},
%     title = {Título},
%     subtitle = {subtítulo},
%     publisher = {Editora},
%     address = {Local},
%     year = {2021},
% }   

% @ARTICLE{Raissi2019,
%     author = {M Raissi and P Perdikaris and G.E Karniadakis},
%     year = {2019},
%     title = {Physics-informed neural networks},
%     subtitle = {A deep learning framework for solving forward and inverse problems involving nonlinear partial differential equations},
%     publisher = {Elsevier},
%     journal = {Journal of Computational Physics},
%     address = {Providence},
% }
